<?xml version="1.0" encoding="UTF-8"?><collection xmlns="http://www.loc.gov/MARC21/slim"><record><leader>00407nam--2200145-i-4500</leader><controlfield tag="001">000032979</controlfield><controlfield tag="002">20161230</controlfield><controlfield tag="005">20161230201039</controlfield><controlfield tag="008">060222s1000------------r-----000-0-eng-d</controlfield><datafield ind1=" " ind2=" " tag="080"><subfield code="a">164.3</subfield></datafield><datafield ind1="1" ind2="0" tag="100"><subfield code="a">Mihailescu, Eugen</subfield></datafield><datafield ind1="1" ind2=" " tag="245"><subfield code="a">Sisteme logice si forme normale in calculul propozitional bivalent</subfield></datafield><datafield ind1=" " ind2=" " tag="260"><subfield code="a">Bucuresti, Ed.Acad.Rsr.,1966. 378p</subfield></datafield><datafield ind1=" " ind2=" " tag="852"><subfield code="a">24506</subfield><subfield code="c">517.11</subfield></datafield><datafield ind1=" " ind2=" " tag="CAT"><subfield code="a">Sys</subfield><subfield code="c">20080715</subfield><subfield code="h">124111</subfield></datafield></record></collection>